<?xml version="1.0" encoding="UTF-8"?><record xmlns="http://www.loc.gov/MARC21/slim" xmlns:cinclude="http://apache.org/cocoon/include/1.0" xmlns:zs="http://www.loc.gov/zing/srw/">
  <leader>01481cz  a2200241n  4500</leader>
  <controlfield tag="001">n  96054918 </controlfield>
  <controlfield tag="003">DLC</controlfield>
  <controlfield tag="005">20170103105425.0</controlfield>
  <controlfield tag="008">960604n| azannaabn          |a aaa      </controlfield>
  <datafield tag="010" ind1=" " ind2=" ">
    <subfield code="a">n  96054918 </subfield>
  </datafield>
  <datafield tag="035" ind1=" " ind2=" ">
    <subfield code="a">(OCoLC)oca04092440</subfield>
  </datafield>
  <datafield tag="040" ind1=" " ind2=" ">
    <subfield code="a">DLC</subfield>
    <subfield code="b">eng</subfield>
    <subfield code="e">rda</subfield>
    <subfield code="c">DLC</subfield>
    <subfield code="d">NAlfC</subfield>
    <subfield code="d">DLC</subfield>
  </datafield>
  <datafield tag="046" ind1=" " ind2=" ">
    <subfield code="f">1910-10-25</subfield>
    <subfield code="g">2016-12-30</subfield>
    <subfield code="2">edtf</subfield>
  </datafield>
  <datafield tag="100" ind1="1" ind2=" ">
    <subfield code="a">Wong, Tyrus</subfield>
  </datafield>
  <datafield tag="370" ind1=" " ind2=" ">
    <subfield code="a">Taishan Shi (Guangdong Sheng, China)</subfield>
    <subfield code="b">Sunland (Los Angeles, Calif.)</subfield>
    <subfield code="c">United States</subfield>
    <subfield code="2">naf</subfield>
  </datafield>
  <datafield tag="370" ind1=" " ind2=" ">
    <subfield code="f">California, Southern</subfield>
    <subfield code="2">lcsh</subfield>
  </datafield>
  <datafield tag="374" ind1=" " ind2=" ">
    <subfield code="a">Painters</subfield>
    <subfield code="a">Potters</subfield>
    <subfield code="a">Lithographers</subfield>
    <subfield code="a">Designers</subfield>
    <subfield code="a">Motion picture art directors</subfield>
    <subfield code="2">lcsh</subfield>
  </datafield>
  <datafield tag="374" ind1=" " ind2=" ">
    <subfield code="a">Muralists (painters)</subfield>
    <subfield code="2">aat</subfield>
  </datafield>
  <datafield tag="374" ind1=" " ind2=" ">
    <subfield code="a">Film production illustrator</subfield>
  </datafield>
  <datafield tag="400" ind1="1" ind2=" ">
    <subfield code="a">Wong, Gen Yeo</subfield>
  </datafield>
  <datafield tag="670" ind1=" " ind2=" ">
    <subfield code="a">NUCMC data from Academy of Motion Picture Arts and Sciences Library (Beverly Hills, Calif.) for Leo "K" Kuter collection, 1914-1979</subfield>
    <subfield code="b">(Tyrus Wong; art director)</subfield>
  </datafield>
  <datafield tag="670" ind1=" " ind2=" ">
    <subfield code="a">L.A. rising : SoCal artists before 1980, 2010:</subfield>
    <subfield code="b">page 491 (Tyrus Wong; born 1910; painting)</subfield>
  </datafield>
  <datafield tag="670" ind1=" " ind2=" ">
    <subfield code="a">Wikipedia, viewed May 28, 2013</subfield>
    <subfield code="b">(Tyrus Wong; traditional Chinese: 黃齊耀; simplified Chinese: 黄齐耀; pinyin: Huáng Qíyào; Cantonese Yale: Wong Chaiyiu; born October 25, 1910, Chinese-born American artist; painter, muralist, ceramicist, lithographer, designer, kite maker, and film production illustrator; lives in Sunland, Calif.); viewed Jan. 3, 2017 (b. Wong Gen Yeo, Oct. 25, 1910, Taishan, Guangdong; emigrated to the U.S., 1920; d. Dec. 30, 2016, Sunland-Tujunga, Calif.)</subfield>
  </datafield>
</record>